@ARTICLE{MLState, 
author={J. Wang and Q. Tao}, 
journal={IEEE Intelligent Systems}, 
title={Machine Learning: The State of the Art}, 
year={2008}, 
volume={23}, 
number={6}, 
pages={49-55}, 
keywords={learning (artificial intelligence);algorithm design;classification standard;machine learning;statistical analysis;Rashomon effect;algorithm design;feature selection;learning to rank;machine learning;manifold learning;metric learning;multi-instance learning;nonlinear backpropagation;perceptron;relational learning;rule + exception learning;semisupervised learning;statistical analysis;statistical learning methods;structural learning;supervised learning;symbolic learning methods;unsupervised learning}, 
doi={10.1109/MIS.2008.107}, 
ISSN={1541-1672}, 
month={Nov},}

@misc{Control,
    Author = {S. Simrock},
    Title = {Control theory},
}

@ARTICLE{1098193, 
author={M. Waltz and K. Fu}, 
journal={IEEE Transactions on Automatic Control}, 
title={A heuristic approach to reinforcement learning control systems}, 
year={1965}, 
volume={10}, 
number={4}, 
pages={390-398}, 
keywords={Learning control systems;Adaptive control;Application software;Automatic control;Computational modeling;Control systems;Differential equations;Extraterrestrial measurements;Learning;Programmable control;State-space methods}, 
doi={10.1109/TAC.1965.1098193}, 
ISSN={0018-9286}, 
month={Oct},}

@misc{normalizing, 
author = {Ng. Andrew},
title = {Improving Deep Neural Networks: Hyperparameter tuning, Regularization and Optimization},
howpublished = "\url{https://www.coursera.org/lecture/deep-neural-network/normalizing-inputs-lXv6U}", 
note = "MOOC presented at Coursera",
}

@article{mnih2015humanlevel,
  added-at = {2015-08-26T14:46:40.000+0200},
  author = {Mnih, Volodymyr and Kavukcuoglu, Koray and Silver, David and Rusu, Andrei A. and Veness, Joel and Bellemare, Marc G. and Graves, Alex and Riedmiller, Martin and Fidjeland, Andreas K. and Ostrovski, Georg and Petersen, Stig and Beattie, Charles and Sadik, Amir and Antonoglou, Ioannis and King, Helen and Kumaran, Dharshan and Wierstra, Daan and Legg, Shane and Hassabis, Demis},
  biburl = {https://www.bibsonomy.org/bibtex/2fb15f4471c81dc2b9edf2304cb2f7083/hotho},
  description = {Human-level control through deep reinforcement learning - nature14236.pdf},
  interhash = {eac59980357d99db87b341b61ef6645f},
  intrahash = {fb15f4471c81dc2b9edf2304cb2f7083},
  issn = {00280836},
  journal = {Nature},
  keywords = {deep learning toread},
  month = feb,
  number = 7540,
  pages = {529--533},
  publisher = {Nature Publishing Group, a division of Macmillan Publishers Limited. All Rights Reserved.},
  timestamp = {2015-08-26T14:46:40.000+0200},
  title = {Human-level control through deep reinforcement learning},
  url = {http://dx.doi.org/10.1038/nature14236},
  volume = 518,
  year = 2015
}