@ARTICLE{MLState, 
author={J. Wang and Q. Tao}, 
journal={IEEE Intelligent Systems}, 
title={Machine Learning: The State of the Art}, 
year={2008}, 
volume={23}, 
number={6}, 
pages={49-55}, 
keywords={learning (artificial intelligence);algorithm design;classification standard;machine learning;statistical analysis;Rashomon effect;algorithm design;feature selection;learning to rank;machine learning;manifold learning;metric learning;multi-instance learning;nonlinear backpropagation;perceptron;relational learning;rule + exception learning;semisupervised learning;statistical analysis;statistical learning methods;structural learning;supervised learning;symbolic learning methods;unsupervised learning}, 
doi={10.1109/MIS.2008.107}, 
ISSN={1541-1672}, 
month={Nov},}

@misc{Control,
    Author = {S. Simrock},
    Title = {Control theory},
}

@ARTICLE{1098193, 
author={M. Waltz and K. Fu}, 
journal={IEEE Transactions on Automatic Control}, 
title={A heuristic approach to reinforcement learning control systems}, 
year={1965}, 
volume={10}, 
number={4}, 
pages={390-398}, 
keywords={Learning control systems;Adaptive control;Application software;Automatic control;Computational modeling;Control systems;Differential equations;Extraterrestrial measurements;Learning;Programmable control;State-space methods}, 
doi={10.1109/TAC.1965.1098193}, 
ISSN={0018-9286}, 
month={Oct},}